% Main book
@book{knoll_book,
  title={Radiation detection and measurement},
  author={Knoll, Glenn F},
  year={1989},
  publisher={John Wiley \& Sons},
  edition	= {2}
}

@article{original_design,
  title={An electrical method of counting the number of $\alpha$-particles from radio-active substances},
  author={Rutherford, Ernest},
  journal={Proceedings of the Royal Society of London. Series A, Containing Papers of a Mathematical and Physical Character},
  volume={81},
  number={546},
  pages={141--161},
  year={1908},
  publisher={JSTOR}
}

@article{half_lives,
  title={Chart of the Nuclides},
  author={Seelmann-Eggebert, W and Pfennig, G and M{\"u}nzel, H and Klewe-Nebenius, H},
  journal={Kernforschungszentrum Karlsruhe},
  year={1981}
}

@article{decay_modes,
  title={The NUBASE evaluation of nuclear and decay properties},
  author={Audi, Georges and Bersillon, O and Blachot, J and Wapstra, AH},
  journal={Nuclear Physics A},
  volume={624},
  number={1},
  pages={1--124},
  year={1997},
  publisher={Elsevier}
}

@book{sauli_book,
  title={Gaseous radiation detectors: fundamentals and applications},
  author={Sauli, Fabio},
  number={36},
  year={2014},
  publisher={Cambridge University Press}
}

@article{gas_multiplication,
  title={The gas amplification factor in xenon filled proportional counters},
  author={Hendricks, RW},
  journal={Nuclear Instruments and Methods},
  volume={102},
  number={2},
  pages={309--312},
  year={1972},
  publisher={Elsevier}
}

@article{diethorn_eqn,
  title={US Atomic Energy Commission Report},
  author={Diethorn, W},
  journal={NYO-6628},
  year={1956}
}

@article{Wolff_W_dV_K,
title = "Measurement of the gas constants for various proportional-counter gas mixtures",
journal = "Nuclear Instruments and Methods",
volume = "115",
number = "2",
pages = "461 - 463",
year = "1974",
issn = "0029-554X",
doi = "https://doi.org/10.1016/0029-554X(74)90247-X",
url = "http://www.sciencedirect.com/science/article/pii/0029554X7490247X",
author = "Richard S. Wolff"
}

@article{nist,
  title={Tables of X-ray mass attenuation coefficients and mass energy-absorption coefficients (version 1.4)},
  author={Hubbell, JH and Seltzer, SM},
  journal={National Institute of Standards and Technology, Gaithersburg, MD},
  year={2004}
}

@online{detailedDecayFe,
    author    = "Laboratoire National Henri Becquerel",
    title     = "Detailed Decay Table of \textsuperscript{55}Fe",
    url       = "http://www.nucleide.org/DDEP_WG/Nuclides/Fe-55_tables.pdf",
    note      = "database version 2/28/99",
    urldate   = "2018-01-01"
}

@online{detailedDecayAm,
    author    = "Laboratoire National Henri Becquerel",
    title     = "Detailed Decay Table of \textsuperscript{241}Am",
    url       = "http://www.nucleide.org/DDEP_WG/Nuclides/Am-241_tables.pdf",
    note      = "database version 2/28/99",
    urldate   = "2018-01-01"
}